@InProceedings{Bourmaud_2015_CVPR,
author = {Bourmaud, Guillaume and Megret, Remi},
title = {Robust Large Scale Monocular Visual SLAM},
booktitle = {The IEEE Conference on Computer Vision and Pattern Recognition (CVPR)},
month = {June},
year = {2015},
pages = {1638--1647}
}

@InProceedings{Salas-Moreno_2013_CVPR,
author = {Salas-Moreno, Renato F. and Newcombe, Richard A. and Strasdat, Hauke and Kelly, Paul H.J. and Davison, Andrew J.},
title = {SLAM++: Simultaneous Localisation and Mapping at the Level of Objects},
booktitle = {The IEEE Conference on Computer Vision and Pattern Recognition (CVPR)},
month = {June},
year = {2013},
pages = {1352--1359}
}

@InProceedings{Zhang_2015_CVPR,
author = {Zhang, Guangcong and Vela, Patricio A.},
title = {Good Features to Track for Visual SLAM},
booktitle = {The IEEE Conference on Computer Vision and Pattern Recognition (CVPR)},
month = {June},
year = {2015},
pages = {1373--1382}
}

@InProceedings{KRot,
author = {Olsson, C. and Eriksson, A. and Hartley, R.},
title = {Outlier Removal Using Duality},
booktitle = {The IEEE Conference on Computer Vision and Pattern Recognition (CVPR)},
month = {June},
year = {2010},
pages = {1450--1457}
}


@InProceedings{Surf,
author = {Bay, H. and Tuytelaars, T. and Van Gool, L. and R. Hartley},
title = {Surf: Speeded up robust features},
booktitle = {Computer Vision - ECCV 2006},
publisher = {Springer},
year = {2006},
pages = {401--417}
}

@article{5pt,
author = {Nister, D.},
title = {An Efficient Solution to the Five-Point relative pose problem},
journal = {IEEE Trans. Pattern Anal. Mach. Intell.},
volume = {26},
number = {6},
year = {2004},
pages = {756--777}
}

@article{Ransac,
author = {Fischler, M. A. and Bolles, R. C.},
title = {Random sample consensus: a paradigm for model fitting with applications to image analysis and automated cartography},
journal = {Communications of the ACM},
volume = {24},
number = {6},
year = {1981},
pages = {381--395}
}

@article{17,
author = {Umeyama, S.},
title = {Least-squares estimation of transformation parameters between two point patterns},
journal = {IEEE Transactions on Pattern Analysis and Machine Intelligence},
volume = {13},
number = {4},
year = {1991},
pages = {376--380}
}

@InProceedings{10,
author = {Engel, J. and Schops, T. nad Cremers, D.},
title = {LSD-SLAM: Large-scale direct monocular SLAM},
booktitle = {ECCV, Lecture Notes in Computer Science},
year = {2014},
pages = {834--849}
}

@InProceedings{12,
author = {Lim, H. and Lim, J. and Kim, H. J.},
title = {Real-time 6-dof monocular visual SLAM in a large-scale environment},
booktitle = {ICRA},
year = {1991},
}

@article{29,
author = {Sturm, J. and Engelhard, N. and Endres, F. and Burgard, W. and Cremers, D.},
title = {A benchmark for the evaluation of RGBD SLAM systems},
journal = {Intelligent Robots and Systems (IROS), 2012 IEEE/RSJ Interanational Conference on.},
publisher = {IEEE},
year = {2012},
pages = {573--580}
}

@article{mv31,
author = {Geiger A. and Lenz, P. and Stiller C. and Urtasun, R.},
title = {Vision meets robotics: The kitti dataset},
journal = {International Journal of Robotics Research (IJRR)},
year = {2013},
}

@InProceedings{drost6,
author = {Drost, B. and Ulrich, M. and Navab, N. and Ilic, S.},
title = {Model globally, match locally: Efficient and robust 3D object recognition},
booktitle = {Proceedings of the IEEE Conference on Computer Vision and Pattern Recognition (CVPR)},
year = {2010}
}

@InProceedings{kf11,
author = {Newcombe, R. A. and Izadi, S. and Hilliges, O. and Molyneaux, D. and Kim, D. and Davision, A. J. and Kohli, P. and Shotton, J. and Hodges, S. and Fitzgibbon, A.},
title = {KinnectFusion: Real-TIme Dense Surface Mapping and Tracking},
booktitle = {Proceedings of the International Symposium on Mixed and Augmented Reality (ISMAR)},
year = {2011}
}

@InProceedings{icp15,
author = {Rusinkiewicz, S. and Levoy, M.},
title = {Efficient Variants of the ICP Algorithm},
booktitle = {Proceedings of the IEEE International Workshop on 3D Digital Imaging and Modeling (3DIM)},
year = {2001}
}

@article{31,
author = {Sola, J. and Vidal-Calleja, T. and Civera, J. and Montiel, J. M. M.},
title = {Impact of landmark parametrization on monocular EKF-SLAM with points and lines},
journal = {International Journal of Computer Vision},
volume = {97},
number = {3},
pages = {339--368},
year = {2012}
}

@article{gf15,
author = {Goshen-Meskin, D. and Bar-Itzhack, I.},
title = {Observability Analysis of piece-wise constant systems. I. theory},
journal = {IEEE Transactions on Aerospace and Electronic Systems},
volume = {28},
number = {4},
pages = {1056--1067},
year = {1992}
}

@InProceedings{distort,
author = {Davison, A. J. and Cid, Y. G. and Kita, N.},
title = {Real-time 3D SLAM with wide-angle vision},
booktitle = {IFAC/EURON Symposium on Intelligent Autonomous Vehicles},
year = {2004}
}

